

@inproceedings{Hartig:2009,
 author = {Hartig, Olaf and Zhao, Jun},
 title = {Using Web Data Provenance for Quality Assessment},
 booktitle = {Proceedings of the First International Conference on Semantic Web in Provenance Management - Volume 526},
 series = {SWPM'09},
 year = {2009},
 location = {Washington DC},
 pages = {29--34},
 numpages = {6},
 url = {http://dl.acm.org/citation.cfm?id=2889875.2889881},
 acmid = {2889881},
 publisher = {CEUR-WS.org},
 address = {Aachen, Germany, Germany},
}

@article{perera:2016,
title = {A knowledge-based resource discovery for Internet of Things},
journal = {Knowledge-Based Systems},
volume = {109},
number = {Supplement C},
pages = {122 - 136},
year = {2016},
issn = {0950-7051},
doi = {https://doi.org/10.1016/j.knosys.2016.06.030},
url = {http://www.sciencedirect.com/science/article/pii/S0950705116302015},
author = {Charith Perera and Athanasios V. Vasilakos}
}